<record><leader>00000cas a2200000 a 4500</leader><controlfield tag="001">12647096</controlfield><controlfield tag="008">851008d18981915paudn ne      0    0eng c</controlfield><datafield ind1=" " ind2=" " tag="010"><subfield code="a">sn 85055160 </subfield></datafield><datafield ind1=" " ind2=" " tag="040"><subfield code="a">NPH</subfield><subfield code="b">eng</subfield><subfield code="c">NPH</subfield><subfield code="d">DLC</subfield><subfield code="d">OCLCQ</subfield></datafield><datafield ind1=" " ind2=" " tag="042"><subfield code="a">pcc</subfield></datafield><datafield ind1=" " ind2=" " tag="043"><subfield code="a">n-us-pa</subfield></datafield><datafield ind1="0" ind2="0" tag="050"><subfield code="a">Newspaper</subfield></datafield><datafield ind1="0" ind2="0" tag="245"><subfield code="a">Philadelphia evening item.</subfield></datafield><datafield ind1="1" ind2="7" tag="246"><subfield code="a">Philadelphia item</subfield><subfield code="f">&lt;Jan. 1, 1900&gt;-Apr. 28, 1906</subfield></datafield><datafield ind1="1" ind2=" " tag="246"><subfield code="i">Issues for Sunday have title:</subfield><subfield code="a">Sunday item</subfield></datafield><datafield ind1=" " ind2=" " tag="260"><subfield code="a">Philadelphia, Pa. :</subfield><subfield code="b">Fitzgerald,</subfield><subfield code="c">1898-</subfield></datafield><datafield ind1=" " ind2=" " tag="300"><subfield code="a">v. :</subfield><subfield code="b">ill. ;</subfield><subfield code="c">57 cm.</subfield></datafield><datafield ind1=" " ind2=" " tag="310"><subfield code="a">Daily (except Sunday)</subfield></datafield><datafield ind1="0" ind2=" " tag="362"><subfield code="a">Fifty-first year (Jan. 30, 1898)-</subfield></datafield><datafield ind1="1" ind2=" " tag="362"><subfield code="a">Ceased in 1915.</subfield><subfield code="z">Cf. Gregory, W. Amer. newspapers.</subfield></datafield><datafield ind1=" " ind2=" " tag="530"><subfield code="a">Also issued on microfilm from the Library of Congress, Photoduplication Service.</subfield></datafield><datafield ind1=" " ind2=" " tag="580"><subfield code="a">Issued also in a Sunday ed. called: Philadelphia Sunday item, and a weekly edition.</subfield></datafield><datafield ind1=" " ind2=" " tag="752"><subfield code="a">United States</subfield><subfield code="b">Pennsylvania</subfield><subfield code="c">Philadelphia</subfield><subfield code="d">Philadelphia.</subfield></datafield><datafield ind1="1" ind2=" " tag="775"><subfield code="t">Philadelphia Sunday item</subfield><subfield code="w">(OCoLC)12646955</subfield></datafield><datafield ind1="1" ind2=" " tag="775"><subfield code="t">Item (Philadelphia, Pa. : Weekly)</subfield></datafield><datafield ind1="0" ind2="0" tag="780"><subfield code="t">Evening item (Philadelphia, Pa.)</subfield><subfield code="w">(DLC)sn 86063558</subfield></datafield><datafield ind1="1" ind2=" " tag="029"><subfield code="a">AU@</subfield><subfield code="b">000025804403</subfield></datafield></record>